@misc{armadillo,
    author = "conradsnicta",
    title = "armadillo-code",
    year = "2018",
    publisher = "GitHub",
    journal = "GitHub repository",
    howpublished = {\url{https://gitlab.com/conradsnicta/armadillo-code}},
}

