@book{4th1981riemann,
    title={Riemann Surfaces and Related Topics: Proceedings of the 1978 Stony Brook Conference},
    author={4th Conference on Riemann Surfaces and Related Topics, S.U.N.Y.S.B. and Kra, I. and Maskit, B.},
    isbn={9780691082646},
    lccn={79027923},
    series={Annals of mathematics studies},
    url={https://books.google.com.hk/books?id=UHIFvgAACAAJ},
    year={1981},
    publisher={Princeton University Press}
}

@article{Taylor2008,
    author = {Taylor, Richard and Sprott, Julien Clinton},
    year = {2008},
    month = {02},
    pages = {117-29},
    title = {Biophilic fractals and the visual journey of organic screen-savers},
    volume = {12},
    journal = {Nonlinear dynamics, psychology, and life sciences}
}

@article{https://doi.org/10.1111/j.1749-6632.1980.tb29690.x,
    author = {Mandelbrot, Benoit B.},
    title = {FRACTAL ASPECTS OF THE ITERATION OF z →Λz(1- z) FOR COMPLEX Λ AND z},
    journal = {Annals of the New York Academy of Sciences},
    volume = {357},
    number = {1},
    pages = {249-259},
    doi = {https://doi.org/10.1111/j.1749-6632.1980.tb29690.x},
    url = {https://nyaspubs.onlinelibrary.wiley.com/doi/abs/10.1111/j.1749-6632.1980.tb29690.x},
    eprint = {https://nyaspubs.onlinelibrary.wiley.com/doi/pdf/10.1111/j.1749-6632.1980.tb29690.x},
    year = {1980}
}

@inproceedings{Douady1984tudeDD,
    title={Etude dynamique des polynomes complexes},
    author={Adrien Douady and John H. Hubbard and P. Lavaurs and Lei Tan and Pierre Sentenac},
    year={1984}
}

@book{peitgen1986beauty,
    title={The Beauty of Fractals: Images of Complex Dynamical Systems},
    author={Peitgen, H.O. and Richter, P.H.},
    isbn={9783540158516},
    lccn={86003917},
    series={The Beauty of Fractals: Images of Complex Dynamical Systems},
    url={https://books.google.com.hk/books?id=xb20psn4KbUC},
    year={1986},
    publisher={Springer}
}

@article{10.2307/24967754,
    title = {Exploring The Mandelbrot Set},
    author = {},
    ISSN = {00368733, 19467087},
    URL = {http://www.jstor.org/stable/24967754},
    journal = {Scientific American},
    number = {2},
    publisher = {Scientific American, a division of Nature America, Inc.},
    urldate = {2022-07-01},
    volume = {253},
    year = {1985}
}



