@unknown{unknown,
author = {Ushakova, Oxana},
year = {2015},
month = {11},
pages = {},
title = {Introduction à l'étude dynamique des polynômes complexes},
doi = {10.13140/RG.2.1.1287.3042}
}