@article{Taylor2008,
author = {Taylor, Richard and Sprott, Julien Clinton},
year = {2008},
month = {02},
pages = {117-29},
title = {Biophilic fractals and the visual journey of organic screen-savers},
volume = {12},
journal = {Nonlinear dynamics, psychology, and life sciences}
}