@article{article,
author = {Douady, Adrien and Hubbard, John},
year = {2009},
month = {10},
pages = {},
title = {Exploring the Mandelbrot set. The Orsay Notes.}
}