@Article{Schroder1870,
	author={Schr{\"o}der, E.},
	title={Ueber unendlich viele Algorithmen zur Aufl{\"o}sung der Gleichungen},
	journal={Mathematische Annalen},
	year={1870},
	month={Jun},
	day={01},
	volume={2},
	number={2},
	pages={317-365},
	issn={1432-1807},
	doi={10.1007/BF01444024},
	url={https://doi.org/10.1007/BF01444024}
}

@article{Schroder1871,
	author = {Schr{\"o}der, E.},
	journal = {Mathematische Annalen},
	pages = {296-322},
	title = {Ueber iterirte Functionen},
	url = {http://eudml.org/doc/156489},
	volume = {3},
	year = {1871},
}

@inbook{cayley_2009, place={Cambridge}, series={Cambridge Library Collection - Mathematics}, title={Application of the Newton-Fourier method to an imaginary root of an equation}, volume={11}, DOI={10.1017/CBO9780511703775.032}, booktitle={The Collected Mathematical Papers}, publisher={Cambridge University Press}, author={Cayley, Arthur}, year={2009}, pages={114–121}, collection={Cambridge Library Collection - Mathematics}}

@article{ASENS_1884_3_1__S3_0,
	author = {Koenigs, G.},
	title = {Recherches sur les int\'egrales de certaines \'equations fonctionnelles},
	journal = {Annales scientifiques de l'\'Ecole Normale Sup\'erieure},
	pages = {3--41},
	publisher = {Elsevier},
	volume = {3e s{\'e}rie, 1},
	year = {1884},
	doi = {10.24033/asens.247},
	language = {fr},
	url = {http://www.numdam.org/articles/10.24033/asens.247/}
}

@article{BSMF_1922__50__37_1,
     author = {Fatou, P.},
     title = {Note sur les fonctions invariantes par une substitution rationnelle},
     journal = {Bulletin de la Soci\'et\'e Math\'ematique de France},
     pages = {37--41},
     publisher = {Soci\'et\'e math\'ematique de France},
     volume = {50},
     year = {1922},
     doi = {10.24033/bsmf.1016},
     language = {fr},
     url = {http://www.numdam.org/articles/10.24033/bsmf.1016/}
}

@article{BSMF_1920__48__208_1,
     author = {Fatou, P.},
     title = {Sur les \'equations fonctionnelles},
     journal = {Bulletin de la Soci\'et\'e Math\'ematique de France},
     pages = {208--314},
     publisher = {Soci\'et\'e math\'ematique de France},
     volume = {48},
     year = {1920},
     doi = {10.24033/bsmf.1008},
     language = {fr},
     url = {http://www.numdam.org/articles/10.24033/bsmf.1008/}
}

@article{GastonJulia1918,
	author = {Gaston Julia},
	journal = {Journal de Mathématiques Pures et Appliquées},
	language = {fre},
	pages = {47-246},
	title = {Mémoire sur l'itération des fonctions rationnelles},
	url = {http://eudml.org/doc/234994},
	volume = {1},
	year = {1918},
}

@Misc{https://complex-analysis.com/,
howpublished = {[EB/OL]},
note = {\url{https://complex-analysis.com/content/julia_set.html} Accessed July 4, 2022},
title = {The Julia Set},
author = {Juan Carlos Ponce Campuzano},
isbn = {978-0-6485736-0-9}
}

@InProceedings{10.1007/978-3-319-08105-2_3,
	author="Sutherland, Scott",
	editor="Bandt, Christoph
		and Barnsley, Michael
		and Devaney, Robert
		and Falconer, Kenneth J.
		and Kannan, V.
		and Kumar P.B., Vinod",
	title="An Introduction to Julia and Fatou Sets",
	booktitle="Fractals, Wavelets, and their Applications",
	year="2014",
	publisher="Springer International Publishing",
	address="Cham",
	pages="37--60",
	abstract="We give an elementary introduction to the holomorphic dynamics of mappings on the Riemann sphere, with a focus on Julia and Fatou 	sets. Our main emphasis is on the dynamics of polynomials, especially quadratic polynomials.",
	isbn="978-3-319-08105-2"
}

